%% This BibTeX bibliography file was created using BibDesk.
%% http://bibdesk.sourceforge.net/

%% Created for Burkhard HÃ¶fling at 2016-05-31 10:46:00 +0200 


%% Saved with string encoding Unicode (UTF-8) 



@book{DH,
	Author = {K. Doerk and T. Hawkes},
	Date-Added = {2016-05-31 08:45:50 +0000},
	Date-Modified = {2016-05-31 08:45:50 +0000},
	Publisher = {DeGruyter, Berlin, New York},
	Title = {Finite soluble groups},
	Year = 1992}

@article{Asc,
	Author = {M. Aschbacher},
	Date-Added = {2016-05-31 08:45:41 +0000},
	Date-Modified = {2016-05-31 08:45:41 +0000},
	Journal = {Invent. Math.},
	Pages = {469 -- 514},
	Title = {On the maximal subgroups of the finite classical groups},
	Volume = 76,
	Year = 1984}

@book{Sho,
	Author = {Mark W. Short},
	Publisher = {Springer},
	Series = {Lecture Notes in Math.},
	Title = {The Primitive Soluble Permutation Groups of Degree less than 256},
	Volume = {1519},
	Year = {1992}}

@article{EH,
	Author = {Bettina Eick and Burkhard H{\"o}fling},
	Journal = {LMS J. Comput. Math.},
	Pages = {29--39},
	Title = {The solvable primitive permutation groups of degree at most 6560},
	Volume = 6,
	Year = 2003}

@article{GH,
	Author = {S. P. Glasby and R. B. Howlett},
	Journal = {Comm. Alg.},
	Pages = {1703--1711},
	Title = {Writing representations over minimal fields},
	Volume = 25,
	Year = 1997}
